@inproceedings{EC-Cache,
  title={EC-Cache: Load-Balanced, Low-Latency Cluster Caching with Online Erasure Coding.},
  author={Rashmi, KV and Chowdhury, Mosharaf and Kosaian, Jack and Stoica, Ion and Ramchandran, Kannan},
  booktitle={OSDI},
  pages={401--417},
  year={2016},
}

@inproceedings{WPS,
  title={WPS: A Workload-Aware Placement Scheme for Erasure-Coded In-Memory Stores},
  author={Wang, Shuang and Huang, Jianzhong and Qin, Xiao and Cao, Qiang and Xie, Changsheng},
  booktitle={Networking, Architecture, and Storage (NAS), 2017 International Conference on},
  pages={1--10},
  year={2017},
  organization={IEEE}
}

@INPROCEEDINGS{EC-Store, 
author={M. Abebe and K. Daudjee and B. Glasbergen and Y. Tian}, 
booktitle={2018 IEEE 38th International Conference on Distributed Computing Systems (ICDCS)}, 
title={EC-Store: Bridging the Gap between Storage and Latency in Distributed Erasure Coded Systems}, 
year={2018}, 
volume={}, 
number={}, 
pages={255-266}, 
keywords={cloud computing;fault tolerance;information retrieval;storage management;encoding data replication;erasure encoding data;distributed erasure coded systems;EC-Store;data retrieval times;erasure-coded storage systems;data access;distributed data retrieval;encoding/decoding;lower storage requirement;erasure coding;large-scale storage systems;higher storage overhead;cloud storage systems;Encoding;Distributed databases;Fault tolerance;Fault tolerant systems;Time factors;Decoding;Mathematical model;distributed storage, erasure coding, replication, data movement, data placement}, 
doi={10.1109/ICDCS.2018.00034}, 
ISSN={2575-8411}, 
month={July},}

@ARTICLE{PARS, 
author={P. Zhou and J. Huang and X. Qin and C. Xie}, 
journal={IEEE Transactions on Computers}, 
title={PaRS: A Popularity-aware Redundancy Scheme for In-Memory Stores}, 
year={2018}, 
volume={}, 
number={}, 
pages={1-1}, 
keywords={Redundancy;Parallel processing;Encoding;Load management;Strips;Fault tolerant systems;In-memory store;Erasure codes;Workload popularity;Memory efficiency;Access parallelism}, 
doi={10.1109/TC.2018.2876827}, 
ISSN={0018-9340}, 
month={},}

@article{xiang2016joint,
  title={Joint latency and cost optimization for erasure-coded data center storage},
  author={Xiang, Yu and Lan, Tian and Aggarwal, Vaneet and Chen, Yih-Farn R and Xiang, Yu and Lan, Tian and Aggarwal, Vaneet and Chen, Yih-Farn R},
  journal={IEEE/ACM Transactions on Networking (TON)},
  volume={24},
  number={4},
  pages={2443--2457},
  year={2016},
  publisher={IEEE Press}
}

@article{joshi2017efficient,
  title={Efficient redundancy techniques for latency reduction in cloud systems},
  author={Joshi, Gauri and Soljanin, Emina and Wornell, Gregory},
  journal={ACM Transactions on Modeling and Performance Evaluation of Computing Systems (TOMPECS)},
  volume={2},
  number={2},
  pages={12},
  year={2017},
  publisher={ACM}
}

@inproceedings{yu2018sp,
  title={SP-cache: load-balanced, redundancy-free cluster caching with selective partition},
  author={Yu, Yinghao and Huang, Renfei and Wang, Wei and Zhang, Jun and Letaief, Khaled Ben},
  booktitle={Proceedings of the International Conference for High Performance Computing, Networking, Storage, and Analysis},
  pages={1},
  year={2018},
  organization={IEEE Press}
}
@inproceedings{xiang2015multi,
  title={Multi-tenant latency optimization in erasure-coded storage with differentiated services},
  author={Xiang, Yu and Lan, Tian and Aggarwal, Vaneet and Chen, Yih-Farn R},
  booktitle={2015 IEEE 35th International Conference on Distributed Computing Systems (ICDCS)},
  pages={790--791},
  year={2015},
  organization={IEEE}
}
@inproceedings{burihabwa2016performance,
  title={A performance evaluation of erasure coding libraries for cloud-based data stores},
  author={Burihabwa, Dorian and Felber, Pascal and Mercier, Hugues and Schiavoni, Valerio},
  booktitle={Distributed Applications and Interoperable Systems},
  pages={160--173},
  year={2016},
  organization={Springer}
}

@misc{intel-isal,
  title = {Intel Storage Acceleration Library (Open Source
Version).},
note={https://goo.gl/zkVl4N},
}
